
@article{allais1953ExtensionTheoriesEquilibre,
  title = {L'{{Extension}} Des {{Theories}} de l'{{Equilibre Economique General}} et Du {{Rendement Social}} Au {{Cas}} Du {{Risque}}},
  author = {Allais, M.},
  year = {1953},
  volume = {21},
  pages = {269--290},
  publisher = {{[Wiley, Econometric Society]}},
  doi = {10.2307/1905539},
  journal = {Econometrica},
  number = {2}
}

@article{armel2008BiasingSimpleChoices,
  title = {Biasing Simple Choices by Manipulating Relative Visual Attention},
  author = {Armel, K Carrie and Beaumel, Aurelie and Rangel, Antonio},
  year = {2008},
  volume = {3},
  pages = {8},
  journal = {Judgment and Decision Making},
  number = {5}
}

@article{ashby2016FindingRightFit,
  title = {Finding the Right Fit: {{A}} Comparison of Process Assumptions Underlying Popular Drift-Diffusion Models},
  shorttitle = {Finding the Right Fit},
  author = {Ashby, Nathaniel J. S. and Jekel, Marc and Dickert, Stephan and Gl{\"o}ckner, Andreas},
  year = {2016},
  volume = {42},
  pages = {1982--1993},
  doi = {10.1037/xlm0000279},
  journal = {Journal of Experimental Psychology: Learning, Memory, and Cognition},
  number = {12}
}

@article{aust2013SeriousnessChecksAre,
  title = {Seriousness Checks Are Useful to Improve Data Validity in Online Research},
  author = {Aust, Frederik and Diedenhofen, Birk and Ullrich, Sebastian and Musch, Jochen},
  year = {2013},
  volume = {45},
  pages = {527--535},
  doi = {10.3758/s13428-012-0265-2},
  journal = {Behavior Research Methods},
  number = {2}
}

@article{bird2012RoleEyeMovements,
  title = {The Role of Eye Movements in Decision Making and the Prospect of Exposure Effects},
  author = {Bird, Gary D. and Lauwereyns, Johan and Crawford, Matthew T.},
  year = {2012},
  volume = {60},
  pages = {16--21},
  doi = {10.1016/j.visres.2012.02.014},
  journal = {Vision Research}
}

@article{bogacz2006PhysicsOptimalDecision,
  ids = {bogaczPhysicsOptimalDecision2006a},
  title = {The Physics of Optimal Decision Making: A Formal Analysis of Models of Performance in Two-Alternative Forced-Choice Tasks},
  shorttitle = {The Physics of Optimal Decision Making},
  author = {Bogacz, Rafal and Brown, Eric and Moehlis, Jeff and Holmes, Philip and Cohen, Jonathan D.},
  year = {2006},
  volume = {113},
  pages = {700--765},
  doi = {10.1037/0033-295X.113.4.700},
  journal = {Psychological Review},
  number = {4},
  pmid = {17014301}
}

@article{busemeyer1993DecisionFieldTheory,
  title = {Decision Field Theory: {{A}} Dynamic-Cognitive Approach to Decision Making in an Uncertain Environment.},
  shorttitle = {Decision Field Theory},
  author = {Busemeyer, Jerome R. and Townsend, James T.},
  year = {1993},
  volume = {100},
  pages = {432--459},
  doi = {10.1037/0033-295X.100.3.432},
  journal = {Psychological Review},
  number = {3}
}

@article{busemeyer2002SurveyDecisionField,
  ids = {busemeyerSurveyDecisionField2002a},
  title = {Survey of Decision Field Theory},
  author = {Busemeyer, Jerome R. and Diederich, Adele},
  year = {2002},
  volume = {43},
  pages = {345--370},
  doi = {10.1016/S0165-4896(02)00016-1},
  journal = {Mathematical Social Sciences},
  number = {3},
  series = {Random {{Utility Theory}} and {{Probabilistic}} Measurement Theory}
}

@article{callaway2021FixationPatternsSimple,
  title = {Fixation Patterns in Simple Choice Reflect Optimal Information Sampling},
  author = {Callaway, Frederick and Rangel, Antonio and Griffiths, Thomas L.},
  year = {2021},
  volume = {17},
  pages = {e1008863},
  publisher = {{Public Library of Science}},
  doi = {10.1371/journal.pcbi.1008863},
  journal = {PLOS Computational Biology},
  number = {3}
}

@article{capretto2021BambiSimpleInterface,
  title = {Bambi: {{A}} Simple Interface for Fitting {{Bayesian}} Linear Models in {{Python}}},
  shorttitle = {Bambi},
  author = {Capretto, Tom{\'a}s and Piho, Camen and Kumar, Ravin and Westfall, Jacob and Yarkoni, Tal and Martin, Osvaldo A.},
  year = {2021},
  archiveprefix = {arXiv},
  eprint = {2012.10754},
  eprinttype = {arxiv},
  journal = {arXiv:2012.10754 [stat]},
  primaryclass = {stat}
}

@article{cavanagh2014EyeTrackingPupillometry,
  title = {Eye Tracking and Pupillometry Are Indicators of Dissociable Latent Decision Processes},
  author = {Cavanagh, James F. and Wiecki, Thomas V. and Kochar, Angad and Frank, Michael J.},
  year = {2014},
  volume = {143},
  pages = {1476--1488},
  doi = {10.1037/a0035813},
  journal = {Journal of Experimental Psychology. General},
  number = {4},
  pmcid = {PMC4114997},
  pmid = {24548281}
}

@article{colas2017LearningWhereLook,
  title = {Learning {{Where}} to {{Look}} for {{High Value Improves Decision Making Asymmetrically}}},
  author = {Colas, Jaron T. and Lu, Joy},
  year = {2017},
  volume = {8},
  publisher = {{Frontiers}},
  doi = {10.3389/fpsyg.2017.02000},
  journal = {Frontiers in Psychology}
}

@article{dai2020PerceptualSalienceInfluences,
  title = {Perceptual Salience Influences Food Choices Independently of Health and Taste Preferences},
  author = {Dai, Jane and Cone, Jeremy and Moher, Jeff},
  year = {2020},
  volume = {5},
  pages = {2},
  doi = {10.1186/s41235-019-0203-2},
  journal = {Cognitive Research: Principles and Implications},
  number = {1}
}

@article{deleeuw2015JsPsychJavaScriptLibrary,
  title = {{{jsPsych}}: {{A JavaScript}} Library for Creating Behavioral Experiments in a {{Web}} Browser},
  shorttitle = {{{jsPsych}}},
  author = {{de Leeuw}, Joshua R.},
  year = {2015},
  volume = {47},
  pages = {1--12},
  doi = {10.3758/s13428-014-0458-y},
  journal = {Behavior Research Methods},
  number = {1}
}

@inproceedings{falandays2020BiasingMoralDecisions,
  title = {Biasing Moral Decisions Using Eye Movements: Replication and Simulation},
  shorttitle = {Biasing Moral Decisions Using Eye Movements},
  booktitle = {Proceedings of the 42nd {{Annual Conference}} of the {{Cognitive Science Society}}},
  author = {Falandays, J. Benjamin and Spivey, Michael J.},
  year = {2020},
  pages = {2553--2558},
  publisher = {{Cognitive Science Society Austin, Tex}}
}

@article{fiedler2012DynamicsDecisionMaking,
  title = {The {{Dynamics}} of {{Decision Making}} in {{Risky Choice}}: {{An Eye}}-{{Tracking Analysis}}},
  shorttitle = {The {{Dynamics}} of {{Decision Making}} in {{Risky Choice}}},
  author = {Fiedler, Susann and Gl{\"o}ckner, Andreas},
  year = {2012},
  volume = {3},
  publisher = {{Frontiers}},
  doi = {10.3389/fpsyg.2012.00335},
  journal = {Frontiers in Psychology}
}

@misc{folke2016ExplicitRepresentationsConfidence,
  title = {Explicit Representations of Confidence Informs Future Value-Based Decisions},
  author = {Folke, Tomas},
  year = {2016},
  doi = {10.6084/m9.figshare.3756144.v2}
}

@article{ghaffari2018PowerAttentionUsing,
  title = {The {{Power}} of {{Attention}}: {{Using Eye Gaze}} to {{Predict Other}}-{{Regarding}} and {{Moral Choices}}},
  shorttitle = {The {{Power}} of {{Attention}}},
  author = {Ghaffari, Minou and Fiedler, Susann},
  year = {2018},
  volume = {29},
  pages = {1878--1889},
  doi = {10.1177/0956797618799301},
  journal = {Psychological Science},
  number = {11}
}

@article{glaholt2009StimulusExposureGaze,
  title = {Stimulus Exposure and Gaze Bias: {{A}} Further Test of the Gaze Cascade Model},
  shorttitle = {Stimulus Exposure and Gaze Bias},
  author = {Glaholt, Mackenzie G. and Reingold, Eyal M.},
  year = {2009},
  volume = {71},
  pages = {445--450},
  doi = {10.3758/APP.71.3.445},
  journal = {Attention, Perception, \& Psychophysics},
  number = {3}
}

@article{glaholt2009TimeCourseGaze,
  title = {The Time Course of Gaze Bias in Visual Decision Tasks},
  author = {Glaholt, Mackenzie G. and Reingold, Eyal M.},
  year = {2009},
  volume = {17},
  pages = {1228--1243},
  doi = {10.1080/13506280802362962},
  journal = {Visual Cognition},
  number = {8}
}

@article{glaholt2011EyeMovementMonitoring,
  title = {Eye Movement Monitoring as a Process Tracing Methodology in Decision Making Research},
  author = {Glaholt, Mackenzie G. and Reingold, Eyal M.},
  year = {2011},
  volume = {4},
  pages = {125--146},
  doi = {10.1037/a0020692},
  journal = {Journal of Neuroscience, Psychology, and Economics},
  number = {2},
  series = {Methods in {{Decision Neuroscience}}}
}

@article{glickman2019FormationPreferenceRisky,
  title = {The Formation of Preference in Risky Choice},
  author = {Glickman, Moshe and Sharoni, Orian and Levy, Dino J. and Niebur, Ernst and Stuphorn, Veit and Usher, Marius},
  year = {2019},
  volume = {15},
  pages = {e1007201},
  publisher = {{Public Library of Science}},
  doi = {10.1371/journal.pcbi.1007201},
  journal = {PLOS Computational Biology},
  number = {8}
}

@article{glockner2011EyetrackingStudyInformation,
  title = {An Eye-Tracking Study on Information Processing in Risky Decisions: {{Evidence}} for Compensatory Strategies Based on Automatic Processes},
  shorttitle = {An Eye-Tracking Study on Information Processing in Risky Decisions},
  author = {Gl{\"o}ckner, Andreas and Herbold, Ann-Katrin},
  year = {2011},
  volume = {24},
  pages = {71--98},
  doi = {10.1002/bdm.684},
  copyright = {Copyright \textcopyright{} 2010 John Wiley \& Sons, Ltd.},
  journal = {Journal of Behavioral Decision Making},
  number = {1}
}

@article{gluth2018ValuebasedAttentionalCapture,
  ids = {gluthValuebasedAttentionalCapture2018a},
  title = {Value-Based Attentional Capture Affects Multi-Alternative Decision Making},
  author = {Gluth, Sebastian and Spektor, Mikhail S and Rieskamp, J{\"o}rg},
  editor = {Frank, Michael J},
  year = {2018},
  volume = {7},
  pages = {e39659},
  doi = {10.7554/eLife.39659},
  journal = {eLife}
}

@article{gluth2020ValuebasedAttentionNot,
  title = {Value-Based Attention but Not Divisive Normalization Influences Decisions with Multiple Alternatives},
  author = {Gluth, Sebastian and Kern, Nadja and Kortmann, Maria and Vitali, C{\'e}cile L.},
  year = {2020},
  pages = {1--12},
  doi = {10.1038/s41562-020-0822-0},
  copyright = {2020 The Author(s), under exclusive licence to Springer Nature Limited},
  journal = {Nature Human Behaviour}
}

@article{gwinn2019SpilloverEffectsAttentional,
  title = {The Spillover Effects of Attentional Learning on Value-Based Choice},
  author = {Gwinn, Rachael and Leber, Andrew B. and Krajbich, Ian},
  year = {2019},
  volume = {182},
  pages = {294--306},
  doi = {10.1016/j.cognition.2018.10.012},
  journal = {Cognition}
}

@article{harris2020array,
  title = {Array Programming with {{NumPy}}},
  author = {Harris, Charles R. and Millman, K. Jarrod and {van der Walt}, St'efan J. and Gommers, Ralf and Virtanen, Pauli and Cournapeau, David and Wieser, Eric and Taylor, Julian and Berg, Sebastian and Smith, Nathaniel J. and Kern, Robert and Picus, Matti and Hoyer, Stephan and {van Kerkwijk}, Marten H. and Brett, Matthew and Haldane, Allan and {del R'{\i}o}, Jaime Fern'andez and Wiebe, Mark and Peterson, Pearu and {G'erard-Marchant}, Pierre and Sheppard, Kevin and Reddy, Tyler and Weckesser, Warren and Abbasi, Hameer and Gohlke, Christoph and Oliphant, Travis E.},
  year = {2020},
  volume = {585},
  pages = {357--362},
  publisher = {{Springer Science and Business Media LLC}},
  doi = {10.1038/s41586-020-2649-2},
  journal = {Nature},
  number = {7825}
}

@article{hertwig2004DecisionsExperienceEffect,
  title = {Decisions from {{Experience}} and the {{Effect}} of {{Rare Events}} in {{Risky Choice}}},
  author = {Hertwig, Ralph and Barron, Greg and Weber, Elke U. and Erev, Ido},
  year = {2004},
  volume = {15},
  pages = {534--539},
  publisher = {{SAGE Publications Inc}},
  doi = {10.1111/j.0956-7976.2004.00715.x},
  journal = {Psychological Science},
  number = {8}
}

@article{hogarth1992OrderEffectsBelief,
  title = {Order Effects in Belief Updating: {{The}} Belief-Adjustment Model},
  shorttitle = {Order Effects in Belief Updating},
  author = {Hogarth, Robin M and Einhorn, Hillel J},
  year = {1992},
  volume = {24},
  pages = {1--55},
  doi = {10.1016/0010-0285(92)90002-J},
  journal = {Cognitive Psychology},
  number = {1}
}

@article{hommel2019NoOneKnows,
  title = {No One Knows What Attention Is},
  author = {Hommel, Bernhard and Chapman, Craig S. and Cisek, Paul and Neyedli, Heather F. and Song, Joo-Hyun and Welsh, Timothy N.},
  year = {2019},
  volume = {81},
  pages = {2288--2303},
  doi = {10.3758/s13414-019-01846-w},
  journal = {Attention, Perception, \& Psychophysics},
  number = {7}
}

@article{hunter2007Matplotlib2DGraphics,
  title = {Matplotlib: {{A 2D Graphics Environment}}},
  shorttitle = {Matplotlib},
  author = {Hunter, John D.},
  year = {2007},
  volume = {9},
  pages = {90--95},
  doi = {10.1109/MCSE.2007.55},
  journal = {Computing in Science \& Engineering},
  number = {3}
}

@article{isham2013LookingTimePredicts,
  title = {Looking {{Time Predicts Choice}} but {{Not Aesthetic Value}}},
  author = {Isham, Eve A. and Geng, Joy J.},
  year = {2013},
  volume = {8},
  pages = {e71698},
  publisher = {{Public Library of Science}},
  doi = {10.1371/journal.pone.0071698},
  journal = {PLOS ONE},
  number = {8}
}

@book{jeffreys1998TheoryProbability,
  title = {The {{Theory}} of {{Probability}}},
  author = {Jeffreys, Sir Harold},
  year = {1998},
  edition = {Third Edition},
  publisher = {{Oxford University Press}},
  address = {{Oxford, New York}},
  isbn = {978-0-19-850368-2},
  series = {Oxford {{Classic Texts}} in the {{Physical Sciences}}}
}

@article{johnson2016ComputationalModelAttention,
  title = {A Computational Model of the Attention Process in Risky Choice},
  author = {Johnson, Joseph G. and Busemeyer, Jerome R.},
  year = {2016},
  volume = {3},
  pages = {254--280},
  publisher = {{Educational Publishing Foundation}},
  address = {{US}},
  doi = {10.1037/dec0000050},
  journal = {Decision},
  number = {4}
}

@incollection{kahneman2012ChoicesValuesFrames,
  title = {Choices, {{Values}}, and {{Frames}}},
  booktitle = {Handbook of the {{Fundamentals}} of {{Financial Decision Making}}},
  author = {Kahneman, Daniel and Tversky, Amos},
  year = {2012},
  volume = {Volume 4},
  pages = {269--278},
  publisher = {{World Scientific}},
  doi = {10.1142/9789814417358_0016},
  isbn = {978-981-4417-34-1},
  series = {World {{Scientific Handbook}} in {{Financial Economics Series}}}
}

@article{kim2012PreferenceReversalsDecision,
  title = {Preference {{Reversals}} in {{Decision Making Under Risk}} Are {{Accompanied}} by {{Changes}} in {{Attention}} to {{Different Attributes}}},
  author = {Kim, Betty and Seligman, Darryl and Kable, Joseph W.},
  year = {2012},
  volume = {6},
  publisher = {{Frontiers}},
  doi = {10.3389/fnins.2012.00109},
  journal = {Frontiers in Neuroscience}
}

@article{kim2012PreferenceReversalsDecisiona,
  title = {Preference {{Reversals}} in {{Decision Making Under Risk}} Are {{Accompanied}} by {{Changes}} in {{Attention}} to {{Different Attributes}}},
  author = {Kim, Betty and Seligman, Darryl and Kable, Joseph W.},
  year = {2012},
  volume = {6},
  publisher = {{Frontiers}},
  doi = {10.3389/fnins.2012.00109},
  journal = {Frontiers in Neuroscience}
}

@article{krajbich2010VisualFixationsComputation,
  title = {Visual Fixations and the Computation and Comparison of Value in Simple Choice},
  author = {Krajbich, Ian and Armel, Carrie and Rangel, Antonio},
  year = {2010},
  volume = {13},
  pages = {1292--1298},
  doi = {10.1038/nn.2635},
  journal = {Nature Neuroscience},
  number = {10},
  pmid = {20835253}
}

@article{krajbich2011MultialternativeDriftdiffusionModel,
  title = {Multialternative Drift-Diffusion Model Predicts the Relationship between Visual Fixations and Choice in Value-Based Decisions},
  author = {Krajbich, Ian and Rangel, Antonio},
  year = {2011},
  volume = {108},
  pages = {13852--13857},
  doi = {10.1073/pnas.1101328108},
  journal = {Proceedings of the National Academy of Sciences of the United States of America},
  number = {33},
  pmcid = {PMC3158210},
  pmid = {21808009}
}

@article{krajbich2012AttentionalDriftdiffusionModel,
  title = {The Attentional Drift-Diffusion Model Extends to Simple Purchasing Decisions},
  author = {Krajbich, Ian and Lu, Dingchao and Camerer, Colin and Rangel, Antonio},
  year = {2012},
  volume = {3},
  pages = {193},
  doi = {10.3389/fpsyg.2012.00193},
  journal = {Frontiers in Psychology},
  pmcid = {PMC3374478},
  pmid = {22707945}
}

@article{krajbich2019AccountingAttentionSequential,
  ids = {krajbichAccountingAttentionSequential2019a},
  title = {Accounting for Attention in Sequential Sampling Models of Decision Making},
  author = {Krajbich, Ian},
  year = {2019},
  volume = {29},
  pages = {6--11},
  doi = {10.1016/j.copsyc.2018.10.008},
  journal = {Current Opinion in Psychology},
  series = {Attention \& {{Perception}}}
}

@article{kruschke2013BayesianEstimationSupersedes,
  title = {Bayesian Estimation Supersedes the t Test},
  author = {Kruschke, John K.},
  year = {2013},
  volume = {142},
  pages = {573--603},
  doi = {10.1037/a0029146},
  journal = {Journal of Experimental Psychology: General},
  number = {2}
}

@book{kruschke2014DoingBayesianData,
  title = {Doing {{Bayesian Data Analysis}}: {{A Tutorial}} with {{R}}, {{JAGS}}, and {{Stan}}},
  shorttitle = {Doing {{Bayesian Data Analysis}}},
  author = {Kruschke, John K.},
  year = {2014},
  publisher = {{Academic Press}},
  googlebooks = {FzvLAwAAQBAJ},
  isbn = {978-0-12-405916-0}
}

@book{lee2013BayesianCognitiveModeling,
  title = {Bayesian Cognitive Modeling: A Practical Course},
  shorttitle = {Bayesian Cognitive Modeling},
  author = {Lee, Michael D. and Wagenmakers, Eric-Jan},
  year = {2013},
  publisher = {{Cambridge University Press}},
  address = {{Cambridge ; New York}},
  annotation = {OCLC: ocn861318341},
  isbn = {978-1-107-60357-8},
  lccn = {BF311 .L38 2013}
}

@article{li2020UncertaintybasedModelEffects,
  ids = {liUncertaintybasedModelEffects2020},
  title = {An Uncertainty-Based Model of the Effects of Fixation on Choice},
  author = {Li, Zhiwei and Ma, Wei-Ji},
  year = {2020},
  publisher = {{PsyArXiv}},
  doi = {10.31234/osf.io/ajmwx}
}

@article{lim2011DecisionValueComputations,
  title = {The {{Decision Value Computations}} in the {{vmPFC}} and {{Striatum Use}} a {{Relative Value Code That}} Is {{Guided}} by {{Visual Attention}}},
  author = {Lim, Seung-Lark and O'Doherty, John P. and Rangel, Antonio},
  year = {2011},
  volume = {31},
  pages = {13214--13223},
  publisher = {{Society for Neuroscience}},
  doi = {10.1523/JNEUROSCI.1246-11.2011},
  chapter = {Articles},
  copyright = {Copyright \textcopyright{} 2011 the authors 0270-6474/11/3113214-10\$15.00/0},
  journal = {Journal of Neuroscience},
  number = {37},
  pmid = {21917804}
}

@article{liu2020ExploitingDynamicsEye,
  title = {Exploiting the Dynamics of Eye Gaze to Bias Intertemporal Choice},
  author = {Liu, Hong-Zhi and Lyu, Xiao-Kang and Wei, Zi-Han and Mo, Wan-Li and Luo, Jiong-Rui and Su, Xiao-Yu},
  year = {2020},
  volume = {n/a},
  doi = {10.1002/bdm.2219},
  copyright = {\textcopyright 2020. Journal of Behavioral Decision Making.},
  journal = {Journal of Behavioral Decision Making},
  number = {n/a}
}

@article{liu2020PowerLastFixation,
  title = {The Power of Last Fixation: {{Biasing}} Simple Choices by Gaze-Contingent Manipulation},
  shorttitle = {The Power of Last Fixation},
  author = {Liu, Hong-Zhi and Zhou, Yan-Bang and Wei, Zi-Han and Jiang, Cheng-Ming},
  year = {2020},
  volume = {208},
  pages = {103106},
  doi = {10.1016/j.actpsy.2020.103106},
  journal = {Acta Psychologica}
}

@article{lopez-persem2016HowPriorPreferences,
  title = {How Prior Preferences Determine Decision-Making Frames and Biases in the Human Brain},
  author = {{Lopez-Persem}, Aliz{\'e}e and Domenech, Philippe and Pessiglione, Mathias},
  year = {2016},
  volume = {5},
  doi = {10.7554/eLife.20317},
  journal = {eLife},
  pmcid = {PMC5132340},
  pmid = {27864918}
}

@article{ly2016HaroldJeffreysDefault,
  title = {Harold {{Jeffreys}}'s Default {{Bayes}} Factor Hypothesis Tests: {{Explanation}}, Extension, and Application in Psychology},
  shorttitle = {Harold {{Jeffreys}}'s Default {{Bayes}} Factor Hypothesis Tests},
  author = {Ly, Alexander and Verhagen, Josine and Wagenmakers, Eric-Jan},
  year = {2016},
  volume = {72},
  pages = {19--32},
  doi = {10.1016/j.jmp.2015.06.004},
  journal = {Journal of Mathematical Psychology},
  series = {Bayes {{Factors}} for {{Testing Hypotheses}} in {{Psychological Research}}: {{Practical Relevance}} and {{New Developments}}}
}

@article{mantonakis2009OrderChoiceEffects,
  title = {Order in {{Choice}}: {{Effects}} of {{Serial Position}} on {{Preferences}}},
  shorttitle = {Order in {{Choice}}},
  author = {Mantonakis, Antonia and Rodero, Pauline and Lesschaeve, Isabelle and Hastie, Reid},
  year = {2009},
  volume = {20},
  pages = {1309--1312},
  publisher = {{SAGE Publications Inc}},
  doi = {10.1111/j.1467-9280.2009.02453.x},
  journal = {Psychological Science},
  number = {11}
}

@book{mckinney2012PythonDataAnalysis,
  title = {Python for {{Data Analysis}}: {{Data Wrangling}} with {{Pandas}}, {{NumPy}}, and {{IPython}}},
  shorttitle = {Python for {{Data Analysis}}},
  author = {McKinney, Wes},
  year = {2012},
  publisher = {{"O'Reilly Media, Inc."}},
  googlebooks = {v3n4\_AK8vu0C},
  isbn = {978-1-4493-2361-5}
}

@article{milosavljevic2012RelativeVisualSaliency,
  title = {Relative Visual Saliency Differences Induce Sizable Bias in Consumer Choice},
  author = {Milosavljevic, Milica and Navalpakkam, Vidhya and Koch, Christof and Rangel, Antonio},
  year = {2012},
  volume = {22},
  pages = {67--74},
  doi = {10.1016/j.jcps.2011.10.002},
  copyright = {\textcopyright{} 2012 Society for Consumer Psychology},
  journal = {Journal of Consumer Psychology},
  number = {1}
}

@article{mittone2020InducingAlternativebasedCharacteristicbased,
  title = {Inducing Alternative-Based and Characteristic-Based Search Procedures in Risky Choice},
  author = {Mittone, Luigi and Papi, Mauro},
  year = {2020},
  pages = {10},
  journal = {Judgment and Decision Making}
}

@article{mohr2017AttractionEffectRisky,
  title = {Attraction {{Effect}} in {{Risky Choice Can Be Explained}} by {{Subjective Distance Between Choice Alternatives}}},
  author = {Mohr, Peter N. C. and Heekeren, Hauke R. and Rieskamp, J{\"o}rg},
  year = {2017},
  volume = {7},
  pages = {1--10},
  doi = {10.1038/s41598-017-06968-5},
  copyright = {2017 The Author(s)},
  journal = {Scientific Reports},
  number = {1}
}

@article{molter2019GLAMboxPythonToolbox,
  title = {{{GLAMbox}}: {{A Python}} Toolbox for Investigating the Association between Gaze Allocation and Decision Behaviour},
  shorttitle = {{{GLAMbox}}},
  author = {Molter, Felix and Thomas, Armin W. and Heekeren, Hauke R. and Mohr, Peter N. C.},
  year = {2019},
  volume = {14},
  doi = {10.1371/journal.pone.0226428},
  copyright = {All rights reserved},
  journal = {PLoS ONE},
  number = {12},
  pmcid = {PMC6914332},
  pmid = {31841564}
}

@article{molter2021GazedependentEvidenceAccumulation,
  title = {Gaze-Dependent Evidence Accumulation Predicts Multi-Alternative Risky Choice Behaviour},
  author = {Molter, Felix and Thomas, Armin and Huettel, Scott A. and Heekeren, Hauke and Mohr, Peter N. C.},
  year = {2021},
  publisher = {{PsyArXiv}},
  doi = {10.31234/osf.io/x6nbf},
  copyright = {All rights reserved}
}

@article{morey2011BayesFactorApproaches,
  title = {Bayes Factor Approaches for Testing Interval Null Hypotheses},
  author = {Morey, Richard D. and Rouder, Jeffrey N.},
  year = {2011},
  volume = {16},
  pages = {406--419},
  publisher = {{American Psychological Association}},
  address = {{US}},
  doi = {10.1037/a0024377},
  journal = {Psychological Methods},
  number = {4}
}

@manual{morey2018BayesFactorComputation,
  title = {{{BayesFactor}}: {{Computation}} of Bayes Factors for Common Designs},
  author = {Morey, Richard D. and Rouder, Jeffrey N.},
  year = {2018},
  type = {Manual}
}

@article{mormann2020TimePayAttention,
  ids = {mormannTimePayAttention2020a},
  title = {Time to Pay Attention to Attention: Using Attention-Based Process Traces to Better Understand Consumer Decision-Making},
  shorttitle = {Time to Pay Attention to Attention},
  author = {Mormann, Milica and Griffiths, Tom and Janiszewski, Chris and Russo, J. Edward and Aribarg, Anocha and Ashby, Nathaniel J. S. and Bagchi, Rajesh and Bhatia, Sudeep and Kovacheva, Aleksandra and Meissner, Martin and Mrkva, Kellen J.},
  year = {2020},
  doi = {10.1007/s11002-020-09520-0},
  journal = {Marketing Letters}
}

@article{mormann2021DoesAttentionIncrease,
  title = {Does {{Attention Increase}} the {{Value}} of {{Choice Alternatives}}?},
  author = {Mormann, Milica and Russo, J. Edward},
  year = {2021},
  doi = {10.1016/j.tics.2021.01.004},
  journal = {Trends in Cognitive Sciences}
}

@article{mullett2016ImplicationsVisualAttention,
  title = {Implications of Visual Attention Phenomena for Models of Preferential Choice.},
  author = {Mullett, Timothy L. and Stewart, Neil},
  year = {2016},
  volume = {3},
  pages = {231},
  doi = {10.1037/dec0000049},
  journal = {Decision},
  number = {4}
}

@article{murdockjr.1962SerialPositionEffect,
  title = {The Serial Position Effect of Free Recall},
  author = {Murdock Jr., Bennet B.},
  year = {1962},
  volume = {64},
  pages = {482--488},
  publisher = {{American Psychological Association}},
  address = {{US}},
  doi = {10.1037/h0045106},
  journal = {Journal of Experimental Psychology},
  number = {5}
}

@article{newell2018PerceptualNotComplex,
  title = {Perceptual but Not Complex Moral Judgments Can Be Biased by Exploiting the Dynamics of Eye-Gaze},
  author = {Newell, Ben R. and Le Pelley, Mike E.},
  year = {2018},
  volume = {147},
  pages = {409--417},
  doi = {10.1037/xge0000386},
  journal = {Journal of Experimental Psychology: General},
  number = {3}
}

@article{noguchi2014AttractionCompromiseSimilarity,
  title = {In the Attraction, Compromise, and Similarity Effects, Alternatives Are Repeatedly Compared in Pairs on Single Dimensions},
  author = {Noguchi, Takao and Stewart, Neil},
  year = {2014},
  volume = {132},
  pages = {44--56},
  doi = {10.1016/j.cognition.2014.03.006},
  journal = {Cognition},
  number = {1}
}

@article{orquin2013AttentionChoiceReview,
  ids = {orquinAttentionChoiceReview2013},
  title = {Attention and Choice: A Review on Eye Movements in Decision Making},
  shorttitle = {Attention and Choice},
  author = {Orquin, Jacob L. and Mueller Loose, Simone},
  year = {2013},
  volume = {144},
  pages = {190--206},
  doi = {10.1016/j.actpsy.2013.06.003},
  journal = {Acta Psychologica},
  number = {1},
  pmid = {23845447}
}

@article{palan2018ProlificAcSubject,
  title = {Prolific.Ac\textemdash{{A}} Subject Pool for Online Experiments},
  author = {Palan, Stefan and Schitter, Christian},
  year = {2018},
  volume = {17},
  pages = {22--27},
  doi = {10.1016/j.jbef.2017.12.004},
  journal = {Journal of Behavioral and Experimental Finance}
}

@inproceedings{papoutsaki2016webgazer,
  title = {{{WebGazer}}: {{Scalable}} Webcam Eye Tracking Using User Interactions},
  booktitle = {Proceedings of the 25th International Joint Conference on Artificial Intelligence ({{IJCAI}})},
  author = {Papoutsaki, Alexandra and Sangkloy, Patsorn and Laskey, James and Daskalova, Nediyana and Huang, Jeff and Hays, James},
  year = {2016},
  pages = {3839--3845},
  organization = {{AAAI}}
}

@article{parkhurst2002ModelingRoleSalience,
  ids = {parkhurstModelingRoleSalience2002a},
  title = {Modeling the Role of Salience in the Allocation of Overt Visual Attention},
  author = {Parkhurst, Derrick and Law, Klinton and Niebur, Ernst},
  year = {2002},
  volume = {42},
  pages = {107--123},
  doi = {10.1016/S0042-6989(01)00250-4},
  journal = {Vision Research},
  number = {1}
}

@article{parnamets2015BiasingMoralDecisions,
  title = {Biasing Moral Decisions by Exploiting the Dynamics of Eye Gaze},
  author = {P{\"a}rnamets, Philip and Johansson, Petter and Hall, Lars and Balkenius, Christian and Spivey, Michael J. and Richardson, Daniel C.},
  year = {2015},
  volume = {112},
  pages = {4170--4175},
  doi = {10.1073/pnas.1415250112},
  journal = {Proceedings of the National Academy of Sciences of the United States of America},
  number = {13},
  pmcid = {PMC4386374},
  pmid = {25775604}
}

@article{payne1978RiskyChoiceExamination,
  ids = {payneRiskyChoiceExamination1978a},
  title = {Risky Choice: {{An}} Examination of Information Acquisition Behavior},
  shorttitle = {Risky Choice},
  author = {Payne, John W. and Braunstein, Myron L.},
  year = {1978},
  volume = {6},
  pages = {554--561},
  doi = {10.3758/BF03198244},
  journal = {Memory \& Cognition},
  number = {5}
}

@article{payne1982ContingentDecisionBehavior,
  title = {Contingent Decision Behavior},
  author = {Payne, John W.},
  year = {1982},
  volume = {92},
  pages = {382--402},
  publisher = {{American Psychological Association}},
  address = {{US}},
  doi = {10.1037/0033-2909.92.2.382},
  journal = {Psychological Bulletin},
  number = {2}
}

@article{payne1988AdaptiveStrategySelection,
  ids = {payneAdaptiveStrategySelection1988a,payneAdaptiveStrategySelection1988b},
  title = {Adaptive Strategy Selection in Decision Making},
  author = {Payne, John W. and Bettman, James R. and Johnson, Eric J.},
  year = {1988},
  volume = {14},
  pages = {534--552},
  publisher = {{American Psychological Association}},
  doi = {10.1037/0278-7393.14.3.534},
  journal = {Journal of Experimental Psychology: Learning, Memory, and Cognition},
  number = {3}
}

@article{reeck2017SearchPredictsChanges,
  ids = {reeck2017SearchPredictsChangesa},
  title = {Search Predicts and Changes Patience in Intertemporal Choice},
  author = {Reeck, Crystal and Wall, Daniel and Johnson, Eric J.},
  year = {2017},
  volume = {114},
  pages = {11890--11895},
  publisher = {{National Academy of Sciences}},
  doi = {10.1073/pnas.1707040114},
  chapter = {Social Sciences},
  copyright = {Copyright \textcopyright{} 2017 the Author(s). Published by PNAS.. https://creativecommons.org/licenses/by-nc-nd/4.0/This open access article is distributed under Creative Commons Attribution-NonCommercial-NoDerivatives License 4.0 (CC BY-NC-ND).},
  journal = {Proceedings of the National Academy of Sciences},
  number = {45},
  pmid = {29078303}
}

@article{rigoux2014BayesianModelSelection,
  title = {Bayesian Model Selection for Group Studies \textemdash{} {{Revisited}}},
  author = {Rigoux, L. and Stephan, K. E. and Friston, K. J. and Daunizeau, J.},
  year = {2014},
  volume = {84},
  pages = {971--985},
  doi = {10.1016/j.neuroimage.2013.08.065},
  journal = {NeuroImage}
}

@article{roe2001MultialternativeDecisionField,
  title = {Multialternative Decision Field Theory: {{A}} Dynamic Connectionst Model of Decision Making},
  shorttitle = {Multialternative Decision Field Theory},
  author = {Roe, Robert M. and Busemeyer, Jermone R. and Townsend, James T.},
  year = {2001},
  volume = {108},
  pages = {370--392},
  doi = {10.1037/0033-295X.108.2.370},
  journal = {Psychological Review},
  number = {2}
}

@article{rosen1976EyeFixationAnalysis,
  ids = {rosenEyeFixationAnalysis1976a,rosenEyeFixationAnalysis1976b},
  title = {An Eye Fixation Analysis of Choice and Judgment with Multiattribute Stimuli},
  author = {Rosen, Larry D. and Rosenkoetter, Paul},
  year = {1976},
  volume = {4},
  pages = {747--752},
  publisher = {{Springer}},
  doi = {10.3758/BF03213243},
  journal = {Memory \& Cognition},
  number = {6}
}

@article{rouder2009BayesianTestsAccepting,
  title = {Bayesian t Tests for Accepting and Rejecting the Null Hypothesis},
  author = {Rouder, Jeffrey N. and Speckman, Paul L. and Sun, Dongchu and Morey, Richard D. and Iverson, Geoffrey},
  year = {2009},
  volume = {16},
  pages = {225--237},
  doi = {10.3758/PBR.16.2.225},
  journal = {Psychonomic Bulletin \& Review},
  number = {2}
}

@article{russo1975EyeFixationAnalysis,
  ids = {russoEyeFixationAnalysis1975a},
  title = {An Eye Fixation Analysis of Multialternative Choice},
  author = {Russo, J. Edward and Rosen, Larry D.},
  year = {1975},
  volume = {3},
  pages = {267--276},
  doi = {10.3758/BF03212910},
  journal = {Memory \& Cognition},
  number = {3}
}

@article{russo1983StrategiesMultiattributeBinary,
  title = {Strategies for Multiattribute Binary Choice},
  author = {Russo, J. Edward and Dosher, Barbara A.},
  year = {1983},
  volume = {9},
  pages = {676--696},
  doi = {10.1037/0278-7393.9.4.676},
  journal = {Journal of Experimental Psychology: Learning, Memory, and Cognition},
  number = {4}
}

@article{russo1994EyeFixationAnalysisChoice,
  title = {An {{Eye}}-{{Fixation Analysis}} of {{Choice Processes}} for {{Consumer Nondurables}}},
  author = {Russo, J. Edward and Leclerc, France},
  year = {1994},
  volume = {21},
  pages = {274--290},
  publisher = {{Oxford Academic}},
  doi = {10.1086/209397},
  journal = {Journal of Consumer Research},
  number = {2}
}

@article{salvatier2016ProbabilisticProgrammingPython,
  title = {Probabilistic Programming in {{Python}} Using {{PyMC3}}},
  author = {Salvatier, John and Wiecki, Thomas V. and Fonnesbeck, Christopher},
  year = {2016},
  volume = {2},
  pages = {e55},
  doi = {10.7717/peerj-cs.55},
  journal = {PeerJ Computer Science}
}

@article{schwarz1978EstimatingDimensionModel,
  title = {Estimating the {{Dimension}} of a {{Model}}},
  author = {Schwarz, Gideon},
  year = {1978},
  volume = {6},
  pages = {461--464},
  doi = {10.1214/aos/1176344136},
  journal = {The Annals of Statistics},
  mrnumber = {MR468014},
  number = {2},
  zmnumber = {0379.62005}
}

@article{sepulveda2020VisualAttentionModulates,
  title = {Visual Attention Modulates the Integration of Goal-Relevant Evidence and Not Value},
  author = {Sepulveda, Pradyumna and Usher, Marius and Davies, Ned and Benson, Amy A and Ortoleva, Pietro and De Martino, Benedetto},
  editor = {B{\"u}chel, Christian and Wyart, Valentin and Filipowicz, Alexandre LS and Gluth, Sebastian},
  year = {2020},
  volume = {9},
  pages = {e60705},
  publisher = {{eLife Sciences Publications, Ltd}},
  doi = {10.7554/eLife.60705},
  journal = {eLife}
}

@article{shimojo2003GazeBiasBoth,
  ids = {shimojoGazeBiasBoth2003a},
  title = {Gaze Bias Both Reflects and Influences Preference},
  author = {Shimojo, Shinsuke and Simion, Claudiu and Shimojo, Eiko and Scheier, Christian},
  year = {2003},
  volume = {6},
  pages = {1317--1322},
  doi = {10.1038/nn1150},
  journal = {Nature Neuroscience},
  number = {12},
  pmid = {14608360}
}

@article{shinn2020FlexibleFrameworkSimulating,
  title = {A Flexible Framework for Simulating and Fitting Generalized Drift-Diffusion Models},
  author = {Shinn, Maxwell and Lam, Norman H and Murray, John D},
  editor = {Kahnt, Thorsten and Gold, Joshua I and Ding, Long and Wagenmakers, Eric-Jan},
  year = {2020},
  volume = {9},
  pages = {e56938},
  publisher = {{eLife Sciences Publications, Ltd}},
  doi = {10.7554/eLife.56938},
  journal = {eLife}
}

@article{smith2018AttentionChoiceDomains,
  title = {Attention and Choice across Domains},
  author = {Smith, Stephanie M. and Krajbich, Ian},
  year = {2018},
  volume = {147},
  pages = {1810--1826},
  doi = {10.1037/xge0000482},
  journal = {Journal of Experimental Psychology: General},
  number = {12}
}

@article{smith2019GazeAmplifiesValue,
  title = {Gaze {{Amplifies Value}} in {{Decision Making}}},
  author = {Smith, Stephanie M. and Krajbich, Ian},
  year = {2019},
  volume = {30},
  pages = {116--128},
  doi = {10.1177/0956797618810521},
  journal = {Psychological Science},
  number = {1}
}

@article{soltani2012RangeNormalizationModelContextDependent,
  title = {A {{Range}}-{{Normalization Model}} of {{Context}}-{{Dependent Choice}}: {{A New Model}} and {{Evidence}}},
  shorttitle = {A {{Range}}-{{Normalization Model}} of {{Context}}-{{Dependent Choice}}},
  author = {Soltani, Alireza and De Martino, Benedetto and Camerer, Colin},
  year = {2012},
  volume = {8},
  doi = {10.1371/journal.pcbi.1002607},
  journal = {PLoS Computational Biology},
  number = {7},
  pmcid = {PMC3400579},
  pmid = {22829761}
}

@article{stephan2009BayesianModelSelection,
  title = {Bayesian Model Selection for Group Studies},
  author = {Stephan, Klaas Enno and Penny, Will D. and Daunizeau, Jean and Moran, Rosalyn J. and Friston, Karl J.},
  year = {2009},
  volume = {46},
  pages = {1004--1017},
  doi = {10.1016/j.neuroimage.2009.03.025},
  journal = {NeuroImage},
  number = {4}
}

@article{stewart2016EyeMovementsRisky,
  title = {Eye {{Movements}} in {{Risky Choice}}: {{Eye Movements}} in {{Risky Choice}}},
  shorttitle = {Eye {{Movements}} in {{Risky Choice}}},
  author = {Stewart, Neil and Hermens, Frouke and Matthews, William J.},
  year = {2016},
  volume = {29},
  pages = {116--136},
  doi = {10.1002/bdm.1854},
  journal = {Journal of Behavioral Decision Making},
  number = {2-3}
}

@article{stewart2016EyeMovementsStrategic,
  title = {Eye {{Movements}} in {{Strategic Choice}}},
  author = {Stewart, Neil and G{\"a}chter, Simon and Noguchi, Takao and Mullett, Timothy L.},
  year = {2016},
  volume = {29},
  pages = {137--156},
  doi = {10.1002/bdm.1901},
  copyright = {\textcopyright{} 2015 The Authors. Journal of Behavioral Decision Making published by John Wiley \& Sons Ltd.},
  journal = {Journal of Behavioral Decision Making},
  number = {2-3}
}

@article{su2013MakingRiskyChoice,
  title = {Is Making a Risky Choice Based on a Weighting and Adding Process? {{An}} Eye-Tracking Investigation.},
  shorttitle = {Is Making a Risky Choice Based on a Weighting and Adding Process?},
  author = {Su, Yin and Rao, Li-Lin and Sun, Hong-Yue and Du, Xue-Lei and Li, Xingshan and Li, Shu},
  year = {2013},
  volume = {39},
  pages = {1765--1780},
  doi = {10.1037/a0032861},
  journal = {Journal of Experimental Psychology: Learning, Memory, and Cognition},
  number = {6}
}

@article{sui2020TimingGazecontingentDecision,
  title = {The Timing of Gaze-Contingent Decision Prompts Influences Risky Choice},
  author = {Sui, Xiao-Yang and Liu, Hong-Zhi and Rao, Li-Lin},
  year = {2020},
  volume = {195},
  pages = {104077},
  doi = {10.1016/j.cognition.2019.104077},
  journal = {Cognition}
}

@article{tavares2017AttentionalDriftDiffusion,
  ids = {tavaresAttentionalDriftDiffusion2017a},
  title = {The {{Attentional Drift Diffusion Model}} of {{Simple Perceptual Decision}}-{{Making}}},
  author = {Tavares, Gabriela and Perona, Pietro and Rangel, Antonio},
  year = {2017},
  volume = {11},
  pages = {468},
  doi = {10.3389/fnins.2017.00468},
  journal = {Frontiers in Neuroscience},
  pmcid = {PMC5573732},
  pmid = {28894413}
}

@article{thomas2019GazeBiasDifferences,
  title = {Gaze Bias Differences Capture Individual Choice Behaviour},
  author = {Thomas, Armin W. and Molter, Felix and Krajbich, Ian and Heekeren, Hauke R. and Mohr, Peter N. C.},
  year = {2019},
  volume = {3},
  pages = {625--635},
  doi = {10.1038/s41562-019-0584-8},
  copyright = {2019 The Author(s), under exclusive licence to Springer Nature Limited},
  journal = {Nature Human Behaviour},
  number = {6}
}

@article{thomas2021UncoveringComputationalMechanisms,
  title = {Uncovering the Computational Mechanisms Underlying Many-Alternative Choice},
  author = {Thomas, Armin W and Molter, Felix and Krajbich, Ian},
  editor = {Verstynen, Timothy and Frank, Michael J and Peterson, Erik},
  year = {2021},
  volume = {10},
  pages = {e57012},
  publisher = {{eLife Sciences Publications, Ltd}},
  doi = {10.7554/eLife.57012},
  copyright = {All rights reserved},
  journal = {eLife}
}

@article{towal2013SimultaneousModelingVisual,
  title = {Simultaneous Modeling of Visual Saliency and Value Computation Improves Predictions of Economic Choice},
  author = {Towal, R. B. and Mormann, M. and Koch, C.},
  year = {2013},
  volume = {110},
  pages = {E3858-E3867},
  doi = {10.1073/pnas.1304429110},
  journal = {Proceedings of the National Academy of Sciences},
  number = {40}
}

@article{tsetsos2012SalienceDrivenValue,
  title = {Salience Driven Value Integration Explains Decision Biases and Preference Reversal},
  author = {Tsetsos, Konstantinos and Chater, Nick and Usher, Marius},
  year = {2012},
  volume = {109},
  pages = {9659--9664},
  doi = {10.1073/pnas.1119569109},
  journal = {Proceedings of the National Academy of Sciences},
  number = {24},
  pmid = {22635271}
}

@article{tversky1992AdvancesProspectTheory,
  title = {Advances in Prospect Theory: {{Cumulative}} Representation of Uncertainty},
  shorttitle = {Advances in Prospect Theory},
  author = {Tversky, Amos and Kahneman, Daniel},
  year = {1992},
  volume = {5},
  pages = {297--323},
  doi = {10.1007/BF00122574},
  journal = {Journal of Risk and Uncertainty},
  number = {4}
}

@book{vonneumann1947TheoryGamesEconomic,
  title = {Theory of Games and Economic Behavior},
  author = {Von Neumann, John and Morgenstern, Oskar},
  year = {1947},
  edition = {2. ed.},
  publisher = {{Princeton University Press}},
  address = {{Princeton}}
}

@article{weber1997ReasonsRankDependentUtility,
  title = {Reasons for {{Rank}}-{{Dependent Utility Evaluation}}},
  author = {Weber, Elke and Kirsner, Britt},
  year = {1997},
  volume = {14},
  pages = {41--61},
  doi = {10.1023/A:1007769703493},
  journal = {Journal of Risk and Uncertainty},
  number = {1}
}

@article{westbrook2020DopaminePromotesCognitive,
  ids = {westbrookDopaminePromotesCognitive2020},
  title = {Dopamine Promotes Cognitive Effort by Biasing the Benefits versus Costs of Cognitive Work},
  author = {Westbrook, A. and van den Bosch, R. and M{\"a}{\"a}tt{\"a}, J. I. and Hofmans, L. and Papadopetraki, D. and Cools, R. and Frank, M. J.},
  year = {2020},
  volume = {367},
  pages = {1362--1366},
  publisher = {{American Association for the Advancement of Science}},
  doi = {10.1126/science.aaz5891},
  chapter = {Report},
  copyright = {Copyright \textcopyright{} 2020 The Authors, some rights reserved; exclusive licensee American Association for the Advancement of Science. No claim to original U.S. Government Works. http://www.sciencemag.org/about/science-licenses-journal-article-reuseThis is an article distributed under the terms of the Science Journals Default License.},
  journal = {Science},
  number = {6484},
  pmid = {32193325}
}

@article{yang2020WebcambasedOnlineEyetracking,
  ids = {yangWebcambasedOnlineEyetracking2020},
  title = {Webcam-Based Online Eye-Tracking for Behavioral Research},
  author = {Yang, Xiaozhi and Krajbich, Ian},
  year = {2020},
  publisher = {{PsyArXiv}},
  doi = {10.31234/osf.io/qhme6}
}

@article{yechiam2013LossaversionLossattentionImpact,
  title = {Loss-Aversion or Loss-Attention: {{The}} Impact of Losses on Cognitive Performance},
  shorttitle = {Loss-Aversion or Loss-Attention},
  author = {Yechiam, Eldad and Hochman, Guy},
  year = {2013},
  volume = {66},
  pages = {212--231},
  doi = {10.1016/j.cogpsych.2012.12.001},
  journal = {Cognitive Psychology},
  number = {2}
}

@article{zajonc1968AttitudinalEffectsMere,
  title = {Attitudinal Effects of Mere Exposure},
  author = {Zajonc, Robert B.},
  year = {1968},
  volume = {9},
  pages = {1--27},
  publisher = {{American Psychological Association}},
  address = {{US}},
  doi = {10.1037/h0025848},
  journal = {Journal of Personality and Social Psychology},
  number = {2, Pt.2}
}

@article{zajonc2001MereExposureGateway,
  title = {Mere {{Exposure}}: {{A Gateway}} to the {{Subliminal}}},
  shorttitle = {Mere {{Exposure}}},
  author = {Zajonc, R.B.},
  year = {2001},
  volume = {10},
  pages = {224--228},
  publisher = {{SAGE Publications Inc}},
  doi = {10.1111/1467-8721.00154},
  journal = {Current Directions in Psychological Science},
  number = {6}
}

@article{zilker2021NonlinearProbabilityWeighting,
  title = {Nonlinear Probability Weighting Can Reflect Attentional Biases in Sequential Sampling},
  author = {Zilker, Veronika and Pachur, Thorsten},
  year = {2021},
  publisher = {{PsyArXiv}},
  doi = {10.31234/osf.io/dqexn}
}


@article{fisher2021IntertemporalChoicesAre,
  title = {Intertemporal {{Choices Are Causally Influenced}} by {{Fluctuations}} in {{Visual Attention}}},
  author = {Fisher, Geoffrey},
  date = {2021-01-11},
  journaltitle = {Management Science},
  shortjournal = {Management Science},
  issn = {0025-1909, 1526-5501},
  doi = {10.1287/mnsc.2020.3732},
  url = {http://pubsonline.informs.org/doi/10.1287/mnsc.2020.3732},
  urldate = {2021-06-08},
  langid = {english}
}



@article{molter2021InvestigatingCausalEffects,
  title = {Investigating the Causal Effects of Presentation Duration, Sequence, and Format on Binary Risky Choice},
  author = {Molter, Felix and Mohr, Peter N. C.},
  journaltitle = {Open Science Framework},
  year = {2021},
  publisher = {{OSF}},
  url = {https://osf.io/bth3m}
}



@article{sullivan2021HealthfulChoicesDependa,
  title = {Healthful Choices Depend on the Latency and Rate of Information Accumulation},
  author = {Sullivan, Nicolette J. and Huettel, Scott A.},
  year = {2021},
  pages = {1--9},
  publisher = {{Nature Publishing Group}},
  doi = {10.1038/s41562-021-01154-0},
  annotation = {Bandiera\_abtest: a Cg\_type: Nature Research Journals Primary\_atype: Research Subject\_term: Computational neuroscience;Human behaviour Subject\_term\_id: computational-neuroscience;human-behaviour},
  copyright = {2021 The Author(s), under exclusive licence to Springer Nature Limited},
  journal = {Nature Human Behaviour}
}


@article{maier2020DissociableMechanismsGovern,
  title = {Dissociable Mechanisms Govern When and How Strongly Reward Attributes Affect Decisions},
  author = {Maier, Silvia U. and Raja Beharelle, Anjali and Polan{\'i}a, Rafael and Ruff, Christian C. and Hare, Todd A.},
  year = {2020},
  pages = {1--15},
  publisher = {{Nature Publishing Group}},
  doi = {10.1038/s41562-020-0893-y},
  copyright = {2020 The Author(s), under exclusive licence to Springer Nature Limited},
  journal = {Nature Human Behaviour}
}


@article{amasino2019AmountTimeExert,
  title = {Amount and Time Exert Independent Influences on Intertemporal Choice},
  author = {Amasino, Dianna R. and Sullivan, Nicolette J. and Kranton, Rachel E. and Huettel, Scott A.},
  year = {2019},
  volume = {3},
  pages = {383--392},
  publisher = {{Nature Publishing Group}},
  doi = {10.1038/s41562-019-0537-2},
  copyright = {2019 The Author(s), under exclusive licence to Springer Nature Limited},
  journal = {Nature Human Behaviour},
  number = {4}
}


@article{westfall2017StatisticalDetailsDefault,
	title = {Statistical details of the default priors in the Bambi library},
	url = {http://arxiv.org/abs/1702.01201},
	journaltitle = {{arXiv}:1702.01201 [stat]},
	author = {Westfall, Jacob},
	urldate = {2020-02-03},
	date = {2017-02-10},
}


@article{usher2001TimeCoursePerceptual,
	title = {The time course of perceptual choice: The leaky, competing accumulator model},
	volume = {108},
	issn = {0033-295X},
	doi = {10.1037/0033-295X.108.3.550},
	shorttitle = {The time course of perceptual choice},
	pages = {550--592},
	number = {3},
	journaltitle = {Psychological Review},
	shortjournal = {Psychological Review},
	author = {Usher, Marius and {McClelland}, James L.},
	urldate = {2020-02-03},
	date = {2001-07},
}


@article{weilbacher2021InfluenceVisualAttention,
	title = {The influence of visual attention on memory-based preferential choice},
	volume = {215},
	issn = {0010-0277},
	doi = {10.1016/j.cognition.2021.104804},
	pages = {104804},
	journaltitle = {Cognition},
	shortjournal = {Cognition},
	author = {Weilbächer, Regina Agnes and Krajbich, Ian and Rieskamp, Jörg and Gluth, Sebastian},
	urldate = {2021-07-01},
	date = {2021-10-01},
	langid = {english},
}



@article{gluth2015EffectiveConnectivityHippocampus,
	title = {Effective Connectivity between Hippocampus and Ventromedial Prefrontal Cortex Controls Preferential Choices from Memory},
	volume = {86},
	issn = {0896-6273},
	url = {https://www.cell.com/neuron/abstract/S0896-6273(15)00373-6},
	doi = {10.1016/j.neuron.2015.04.023},
	pages = {1078--1090},
	number = {4},
	journaltitle = {Neuron},
	shortjournal = {Neuron},
	author = {Gluth, Sebastian and Sommer, Tobias and Rieskamp, Jörg and Büchel, Christian},
	urldate = {2021-07-30},
	date = {2015-05-20},
	pmid = {25996135},
	note = {Publisher: Elsevier},
}